<record><leader>00000cas a22000007a 4500</leader><controlfield tag="001">12862936</controlfield><controlfield tag="008">851203d18361851scucr ne      0   a0eng  </controlfield><datafield ind1=" " ind2=" " tag="010"><subfield code="a">sn 85042796 </subfield></datafield><datafield ind1=" " ind2=" " tag="040"><subfield code="a">DLC</subfield><subfield code="b">eng</subfield><subfield code="c">DLC</subfield><subfield code="d">NPX</subfield><subfield code="d">DLC</subfield><subfield code="d">OCL</subfield><subfield code="d">SVN</subfield><subfield code="d">FUG</subfield><subfield code="d">DLC</subfield><subfield code="d">HLS</subfield><subfield code="d">DLC</subfield><subfield code="d">OCL</subfield><subfield code="d">OCLCQ</subfield><subfield code="d">OCLCO</subfield><subfield code="d">OCLCF</subfield><subfield code="d">AQM</subfield><subfield code="d">DLC</subfield></datafield><datafield ind1=" " ind2=" " tag="012"><subfield code="b">3</subfield></datafield><datafield ind1=" " ind2=" " tag="019"><subfield code="a">9299658</subfield><subfield code="a">25954223</subfield><subfield code="a">25986722</subfield><subfield code="a">191320386</subfield></datafield><datafield ind1="0" ind2=" " tag="022"><subfield code="a">2379-6030</subfield><subfield code="2">1</subfield></datafield><datafield ind1=" " ind2=" " tag="042"><subfield code="a">msc</subfield></datafield><datafield ind1=" " ind2=" " tag="043"><subfield code="a">n-us-sc</subfield></datafield><datafield ind1="0" ind2="0" tag="050"><subfield code="a">Newspaper</subfield></datafield><datafield ind1="0" ind2=" " tag="130"><subfield code="a">Camden journal (Camden, S.C. : 1836)</subfield></datafield><datafield ind1=" " ind2="4" tag="222"><subfield code="a">The Camden journal</subfield><subfield code="b">(Camden, S.C. 1836. Print)</subfield></datafield><datafield ind1="1" ind2="4" tag="245"><subfield code="a">The Camden journal.</subfield></datafield><datafield ind1=" " ind2=" " tag="260"><subfield code="a">Camden, S.C. :</subfield><subfield code="b">T.W. Pegues,</subfield><subfield code="c">1836-1851.</subfield></datafield><datafield ind1=" " ind2=" " tag="300"><subfield code="a">16 volumes</subfield></datafield><datafield ind1=" " ind2=" " tag="310"><subfield code="a">Semiweekly,</subfield><subfield code="b">Jan. 9, 1850 - Jan. 28, 1851</subfield></datafield><datafield ind1=" " ind2=" " tag="321"><subfield code="a">Weekly,</subfield><subfield code="b">Dec. 7, 1839 - Jan. 2, 1850</subfield></datafield><datafield ind1=" " ind2=" " tag="336"><subfield code="a">text</subfield><subfield code="b">txt</subfield><subfield code="2">rdacontent</subfield></datafield><datafield ind1=" " ind2=" " tag="337"><subfield code="a">unmediated</subfield><subfield code="b">n</subfield><subfield code="2">rdamedia</subfield></datafield><datafield ind1=" " ind2=" " tag="338"><subfield code="a">volume</subfield><subfield code="b">nc</subfield><subfield code="2">rdacarrier</subfield></datafield><datafield ind1="0" ind2=" " tag="362"><subfield code="a">Vol. 11, no. 1 (Jan. 23, 1836)-v. 12, no. 3 (Mar. 18, 1837) ; new ser., v. 1, no. 1 (Dec. 7, 1839)-v. 12, no. 8 (Jan. 28, 1851).</subfield></datafield><datafield ind1=" " ind2=" " tag="515"><subfield code="a">Vol. 12, no. 1 (Mar 18, 1837) misnumbered as v. 12, no. 53.</subfield></datafield><datafield ind1=" " ind2=" " tag="530"><subfield code="a">Archived issues are available in digital format from the Library of Congress Chronicling America online collection.</subfield></datafield><datafield ind1=" " ind2="0" tag="651"><subfield code="a">Camden (S.C.)</subfield><subfield code="v">Newspapers.</subfield></datafield><datafield ind1=" " ind2="0" tag="651"><subfield code="a">Kershaw County (S.C.)</subfield><subfield code="v">Newspapers.</subfield></datafield><datafield ind1=" " ind2="7" tag="651"><subfield code="a">South Carolina</subfield><subfield code="z">Camden.</subfield><subfield code="2">fast</subfield><subfield code="0">(OCoLC)fst01210655</subfield></datafield><datafield ind1=" " ind2="7" tag="651"><subfield code="a">South Carolina</subfield><subfield code="z">Kershaw County.</subfield><subfield code="2">fast</subfield><subfield code="0">(OCoLC)fst01214393</subfield></datafield><datafield ind1=" " ind2="7" tag="655"><subfield code="a">Newspapers.</subfield><subfield code="2">fast</subfield><subfield code="0">(OCoLC)fst01423814</subfield></datafield><datafield ind1=" " ind2="7" tag="655"><subfield code="a">Newspapers.</subfield><subfield code="2">rbgenr</subfield></datafield><datafield ind1=" " ind2=" " tag="752"><subfield code="a">United States</subfield><subfield code="b">South Carolina</subfield><subfield code="c">Kershaw</subfield><subfield code="d">Camden.</subfield></datafield><datafield ind1="0" ind2="8" tag="776"><subfield code="i">Online version:</subfield><subfield code="t">Camden journal (Camden, S.C. : 1836)</subfield><subfield code="x">2379-6049</subfield><subfield code="w">(DLC)  2015218788</subfield><subfield code="w">(OCoLC)910915185</subfield></datafield><datafield ind1="0" ind2="0" tag="780"><subfield code="t">Camden journal and southern whig</subfield><subfield code="w">(DLC)sn 93067921</subfield><subfield code="w">(OCoLC)15217982</subfield></datafield><datafield ind1="0" ind2="0" tag="785"><subfield code="t">Semiweekly Camden journal</subfield><subfield code="x">2379-6278</subfield><subfield code="w">(DLC)sn 93067976</subfield><subfield code="w">(OCoLC)30786876</subfield></datafield><datafield ind1="4" ind2="1" tag="856"><subfield code="u">http://www.loc.gov/chroniclingamerica/lccn/sn85042796/issues</subfield></datafield><datafield ind1="1" ind2=" " tag="029"><subfield code="a">AU@</subfield><subfield code="b">000026225109</subfield></datafield></record>